<record><leader>00000cas a22000007a 4500</leader><controlfield tag="001">13039485</controlfield><controlfield tag="008">860120d19761977utuwr ne      0    0eng d</controlfield><datafield ind1=" " ind2=" " tag="010"><subfield code="a">sn 86091020 </subfield></datafield><datafield ind1=" " ind2=" " tag="040"><subfield code="a">UNP</subfield><subfield code="b">eng</subfield><subfield code="c">UNP</subfield><subfield code="d">UBY</subfield><subfield code="d">OCLCQ</subfield><subfield code="d">OCLCF</subfield><subfield code="d">OCLCO</subfield></datafield><datafield ind1=" " ind2=" " tag="042"><subfield code="a">msc</subfield></datafield><datafield ind1=" " ind2=" " tag="043"><subfield code="a">n-us-ut</subfield></datafield><datafield ind1=" " ind2="4" tag="050"><subfield code="a">AN2.U8</subfield><subfield code="b">S86</subfield></datafield><datafield ind1="0" ind2=" " tag="130"><subfield code="a">Sun journal (Price, Utah)</subfield></datafield><datafield ind1="1" ind2="0" tag="245"><subfield code="a">Sun journal.</subfield></datafield><datafield ind1=" " ind2=" " tag="260"><subfield code="a">Price, Utah :</subfield><subfield code="b">R.L. Finney,</subfield><subfield code="c">1976-1977.</subfield></datafield><datafield ind1=" " ind2=" " tag="300"><subfield code="a">2 v. :</subfield><subfield code="b">ill.</subfield></datafield><datafield ind1=" " ind2=" " tag="310"><subfield code="a">Weekly</subfield></datafield><datafield ind1="0" ind2=" " tag="362"><subfield code="a">Vol. 1, no. 1 (Oct. 16, 1976)-v. 2, no. 23 (June 4, 1977).</subfield></datafield><datafield ind1=" " ind2=" " tag="525"><subfield code="a">Supplements accompany many issues.</subfield></datafield><datafield ind1=" " ind2=" " tag="580"><subfield code="a">Issued as Saturday ed. of: Sun-advocate, until absorbed by same.</subfield></datafield><datafield ind1=" " ind2="0" tag="651"><subfield code="a">Price (Utah)</subfield><subfield code="v">Newspapers.</subfield></datafield><datafield ind1=" " ind2="0" tag="651"><subfield code="a">Carbon County (Utah)</subfield><subfield code="v">Newspapers.</subfield></datafield><datafield ind1=" " ind2="7" tag="655"><subfield code="a">Newspapers.</subfield><subfield code="2">fast</subfield><subfield code="0">(OCoLC)fst01423814</subfield></datafield><datafield ind1=" " ind2="7" tag="651"><subfield code="a">Utah</subfield><subfield code="z">Carbon County.</subfield><subfield code="2">fast</subfield><subfield code="0">(OCoLC)fst01207192</subfield></datafield><datafield ind1=" " ind2="7" tag="651"><subfield code="a">Utah</subfield><subfield code="z">Price.</subfield><subfield code="2">fast</subfield><subfield code="0">(OCoLC)fst01222747</subfield></datafield><datafield ind1=" " ind2=" " tag="752"><subfield code="a">United States</subfield><subfield code="b">Utah</subfield><subfield code="c">Carbon</subfield><subfield code="d">Price.</subfield></datafield><datafield ind1="1" ind2=" " tag="775"><subfield code="t">Sun-advocate</subfield><subfield code="w">(DLC)sn 86091026</subfield><subfield code="w">(OCoLC)13039549</subfield></datafield><datafield ind1="0" ind2="0" tag="780"><subfield code="t">Helper journal</subfield><subfield code="w">(DLC)sn 86091019</subfield><subfield code="w">(OCoLC)13039482</subfield></datafield><datafield ind1="1" ind2="4" tag="785"><subfield code="t">Sun-advocate</subfield><subfield code="w">(DLC)sn 86091026</subfield><subfield code="w">(OCoLC)13039549</subfield></datafield></record>